@inproceedings{partrcnn,
  title={Part-Based R-CNNs for Fine-Grained Category Detection},
  author={Zhang, Ning and Donahue, Jeff and Girshick, Ross and Darrell, Trevor},
  booktitle={ECCV},
  year={2014},
  publisher={Springer}
}
@article{phdlazeb,
  title={Local, semi-local and global models for texture, object and scene recognition},
  author={Lazebnik, Svetlana},
  year={2006},
  journal={Ph.D. Dissertation, University of Illinois at Urbana-Champaign}
}